@article{
year={2015},
issn={1615-3375},
journal={Foundations of Computational Mathematics},
volume={15},
number={4},
doi={10.1007/s10208-014-9196-x},
title={Localization of Matrix Factorizations},
url={http://dx.doi.org/10.1007/s10208-014-9196-x},
publisher={Springer US},
keywords={Banach algebras; Localization; Matrix factorization; Inverse-closed; Spectral invariance; Holomorphic functional calculus; Off-diagonal decay; 47A56; 47A60; 47A68},
author={Krishtal, Ilya and Strohmer, Thomas and Wertz, Tim},
pages={931-951},
language={English}
}
