@incollection{
year={2002},
isbn={978-3-540-44080-2},
booktitle={Database Programming Languages},
volume={2397},
series={Lecture Notes in Computer Science},
editor={Ghelli, Giorgio and Grahne, GÃ¶sta},
doi={10.1007/3-540-46093-4_12},
title={A Theory of Spatio-temporal Database Queries},
url={http://dx.doi.org/10.1007/3-540-46093-4_12},
publisher={Springer Berlin Heidelberg},
author={Geerts, Floris and Haesevoets, Sofie and Kuijpers, Bart},
pages={198-212},
language={English}
}
