@incollection{
year={2002},
isbn={978-3-540-44317-9},
booktitle={Bridging Time Scales: Molecular Simulations for the Next Decade},
volume={605},
series={Lecture Notes in Physics},
editor={Nielaba, Peter and Mareschal, Michel and Ciccotti, Giovanni},
doi={10.1007/3-540-45837-9_15},
title={Time and Length Scales in ab initio Molecular Dynamics},
url={http://dx.doi.org/10.1007/3-540-45837-9_15},
publisher={Springer Berlin Heidelberg},
author={Röthlisberger, Ursula and Sprik, Michiel and Hutter, Jürg},
pages={413-442},
language={English}
}
