@incollection{
year={2000},
isbn={978-3-642-08542-0},
booktitle={Constraint Databases},
editor={Kuper, Gabriel and Libkin, Leonid and Paredaens, Jan},
doi={10.1007/978-3-662-04031-7_12},
title={Genericity in Spatial Databases},
url={http://dx.doi.org/10.1007/978-3-662-04031-7_12},
publisher={Springer Berlin Heidelberg},
author={Kuijpers, Bart and Van Gucht, Dirk},
pages={293-303},
language={English}
}
