@article{
year={2007},
issn={0029-599X},
journal={Numerische Mathematik},
volume={108},
number={1},
doi={10.1007/s00211-007-0114-x},
title={Fast linear algebra is stable},
url={http://dx.doi.org/10.1007/s00211-007-0114-x},
publisher={Springer-Verlag},
keywords={65F05; 65F15; 65F25; 65F30; 65F35; 65F40; 65G30; 65G50; 65Y20; 68Q25; 68W20; 68W40; 15A52},
author={Demmel, James and Dumitriu, Ioana and Holtz, Olga},
pages={59-91},
language={English}
}
