@article{March,
archivePrefix = {arXiv},
arxivId = {arXiv:1410.0260v3},
author = {March, William B and Xiao, B O and Biros, George},
eprint = {arXiv:1410.0260v3},
file = {:home/m/Desktop/Mendeley/March, Xiao, Biros/March, Xiao, Biros - Unknown.pdf:pdf},
keywords = {approximations,kernel independent fast multipole,kernel methods,machine learning,methods,multiscale matrix,n-body problems,randomized matrix approximations,treecodes},
pages = {1--22},
title = {{Askit : approximate skeletonization kernel-independent treecode in high dimensions}}
}
