@article{March,
archivePrefix = {arXiv},
arxivId = {arXiv:1410.0260v3},
author = {March, William B and Xiao, Bo and Biros, George},
doi = {10.1137/140989546},
eprint = {arXiv:1410.0260v3},
file = {:home/m/Desktop/Mendeley/March, Xiao, Biros/March, Xiao, Biros - Unknown.pdf:pdf},
issn = {1064-8275},
journal = {SIAM J. Sci. Comput.},
keywords = {approximations,kernel independent fast multipole,kernel methods,machine learning,methods,multiscale matrix,n-body problems,randomized matrix approximations,treecodes},
month = jan,
number = {2},
pages = {A1089--A1110},
title = {{ASKIT: Approximate Skeletonization Kernel-Independent Treecode in High Dimensions}},
url = {http://epubs.siam.org/doi/10.1137/140989546},
volume = {37},
year = {2015}
}
