@article{Gunther2006,
author = {Günther, Frank and Mehl, Miriam and Pögl, Markus and Zenger, Christoph},
doi = {10.1137/040604078},
file = {:home/m/Desktop/Mendeley/Günther et al/Günther et al. - 2006.pdf:pdf},
issn = {10648275},
journal = {SIAM J. Sci. Comput.},
keywords = {040604078,1,10,1137,25k99,35j05,35r99,65y20,68p05,68v20,ams subject classifications,cache-awareness,doi,introduction,most of the computing,partial differential equations,solution of par-,space-filling curves,space-tree,time in the numerical},
number = {5},
pages = {1634},
title = {{A Cache-Aware Algorithm for PDEs on Hierarchical Data Structures Based on Space-Filling Curves}},
url = {http://link.aip.org/link/SJOCE3/v28/i5/p1634/s1\&Agg=doi},
volume = {28},
year = {2006}
}
