@article{challacombe2010fast,
  title={Fast Multiplication of Matrices with Decay},
  author={Challacombe, Matt and Bock, Nicolas},
  journal={Arxiv preprint arXiv:1011.3534},
  year={2010}
}
