@article{III2004,
author = {III, JJ Bartholdi and Goldsman, Paul},
file = {:home/m/Desktop/Mendeley/III, Goldsman/III, Goldsman - 2004.pdf:pdf},
journal = {Vis. Comput. \ldots},
number = {3},
pages = {1--12},
title = {{Multiresolution indexing of triangulated irregular networks}},
url = {http://ieeexplore.ieee.org/xpls/abs\_all.jsp?arnumber=1298805},
volume = {10},
year = {2004}
}
