@article{Geerts2002,
author = {Geerts, Floris and Haesevoets, Sofie and Kuijpers, Bart},
file = {:home/m/Desktop/RESEARCH/PAPERS/std4.pdf:pdf},
journal = {Database Program. Lang.},
title = {{A theory of spatio-temporal database queries}},
url = {http://link.springer.com/chapter/10.1007/3-540-46093-4\_12},
year = {2002}
}
