@article{Kahan2013,
author = {Kahan},
file = {:home/m/Desktop/Mendeley/Kahan/Kahan - 2013.pdf:pdf},
pages = {1--79},
title = {{A Tutorial Overview of Vector and Matrix Norms}},
year = {2013}
}
