@article{Camata2010,
author = {Camata, Jose J. and Coutinho, Alvaro L. G. a.},
doi = {10.1109/SBAC-PAD.2010.26},
file = {:home/m/Desktop/Mendeley/Camata, Coutinho/Camata, Coutinho - 2010.pdf:pdf},
isbn = {978-1-4244-8287-0},
journal = {2010 22nd Int. Symp. Comput. Archit. High Perform. Comput.},
month = oct,
pages = {151--158},
publisher = {Ieee},
title = {{Parallel Linear Octree Meshing with Immersed Surfaces}},
url = {http://ieeexplore.ieee.org/lpdocs/epic03/wrapper.htm?arnumber=5644954},
year = {2010}
}
