@article{Burstedde,
author = {Burstedde, Carsten and Wilcox, Lucas C and Ghattas, Omar},
file = {:home/m/Desktop/Mendeley/Burstedde, Wilcox, Ghattas/Burstedde, Wilcox, Ghattas - Unknown.pdf:pdf},
journal = {Engineering},
keywords = {1,65d18,65m50,65y05,68w10,ams subject classifications,characterized by multiple scales,forest of octrees,introduction,large-scale scientific computing,morton code,parallel adaptive mesh refinement,physical phenomena are often,rithms,scalable algo-},
title = {{p4est: SCALABLE ALGORITHMS FOR PARALLEL ADAPTIVE MESH REFINEMENT ON FORESTS OF OCTREES}}
}
