@article{Schaback1995,
author = {Schaback, R},
file = {:home/m/Desktop/Mendeley/Schaback/Schaback - 1995.pdf:pdf},
journal = {Adv. Comput. Math.},
pages = {251--264},
title = {{Error estimates and condition numbers for radial basis function interpolants}},
volume = {3},
year = {1995}
}
