@incollection{
year={2013},
isbn={978-3-642-31045-4},
booktitle={Space-Filling Curves},
volume={9},
series={Texts in Computational Science and Engineering},
doi={10.1007/978-3-642-31046-1_12},
title={Sierpinski Curves on Triangular and Tetrahedral Meshes},
url={http://dx.doi.org/10.1007/978-3-642-31046-1_12},
publisher={Springer Berlin Heidelberg},
author={Bader, Michael},
pages={181-194},
language={English}
}
