% Blbiography for matmul.

@ARTICLE{ChallacombeBock2010,
  author = {Challacombe, Matt and Bock, Nicolas},
  title = {Fast Multiplication of Matrices with Decay},
  journal = {arXiv:cs.DS},
  year = {2010},
  volume = {1011.3534},
  url = {http://arxiv.org/abs/1011.3534}
}

@ARTICLE{BockChallacombe2012,
  author = {Bock, Nicolas and Challacombe, Matt},
  title = {An Optimized Sparse Approximate Matrix Multiply for Matrices with
    Decay},
  journal = {arXiv:cs.DS},
  year = {2012},
  volume = {1203.1692},
  url = {http://arxiv.org/abs/1203.1692}
}

@article{BockSISC2013,
  author = {Bock, Nicolas and Challacombe, Matt},
  title = {An Optimized Sparse Approximate Matrix Multiply for Matrices with
    Decay},
  journal = {SIAM Journal on Scientific Computing},
  volume = {35},
  number = {1},
  pages = {C72-C98},
  year = {2013},
  doi = {10.1137/120870761},
  URL = {http://epubs.siam.org/doi/abs/10.1137/120870761},
  eprint = {http://epubs.siam.org/doi/pdf/10.1137/120870761}
}
