% Blbiography for matmul.

@ARTICLE{ChallacombeBock2010,
  author = {Challacombe, Matt and Bock, Nicolas},
  title = {Fast Multiplication of Matrices with Decay},
  journal = {arXiv:cs.DS},
  year = {2010},
  volume = {1011.3534},
  url = {http://arxiv.org/abs/1011.3534}
}

@ARTICLE{BockChallacombe2012,
  author = {Bock, Nicolas and Challacombe, Matt},
  title = {An Optimized Sparse Approximate Matrix Multiply for Matrices with
    Decay},
  journal = {arXiv:cs.DS},
  year = {2012},
  volume = {1203.1692},
  url = {http://arxiv.org/abs/1203.1692}
}

@article{BockSISC2013,
  author = {Bock, Nicolas and Challacombe, Matt},
  title = {An Optimized Sparse Approximate Matrix Multiply for Matrices with
    Decay},
  journal = {SIAM Journal on Scientific Computing},
  volume = {35},
  number = {1},
  pages = {C72-C98},
  year = {2013},
  doi = {10.1137/120870761},
  URL = {http://epubs.siam.org/doi/abs/10.1137/120870761},
  eprint = {http://epubs.siam.org/doi/pdf/10.1137/120870761}
}

@article{Niklasson2003,
  author = {Anders M. N. Niklasson and C. J. Tymczak and Matt Challacombe},
  title = {Trace resetting density matrix purification in [script O](N)
    self-consistent-field theory},
  publisher = {AIP},
  year = {2003},
  journal = {The Journal of Chemical Physics},
  volume = {118},
  number = {19},
  pages = {8611-8620},
  url = {http://link.aip.org/link/?JCP/118/8611/1},
  doi = {10.1063/1.1559913}
}
