@article{Challacombe2010,
  author    = {Matt Challacombe and Nicolas Bock},
  title     = {Fast Multiplication of Matrices with Decay},
  journal   = {arXiv},
  volume    = {abs/1011.3534},
  year      = {2010},
  url       = {http://arxiv.org/abs/1011.3534},
  timestamp = {Mon, 05 Dec 2011 18:05:34 +0100},
  biburl    = {http://dblp.uni-trier.de/rec/bib/journals/corr/abs-1011-3534},
  bibsource = {dblp computer science bibliography, http://dblp.org}
}

@article{Bock2013,
  title={An optimized sparse approximate matrix multiply for matrices with
                  decay},
  author={Bock, Nicolas and Challacombe, Matt},
  journal={SIAM Journal on Scientific Computing},
  volume={35},
  number={1},
  pages={C72--C98},
  year={2013},
  publisher={SIAM}
}

@article{Bock2014,
  author    = {Nicolas Bock and Matt Challacombe and Laxmikant V. Kal{\'{e}}},
  title     = {Solvers for O(N) Electronic Structure in the Strong Scaling
                  Limit},
  journal   = {arXiv},
  volume    = {abs/1403.7458},
  year      = {2014},
  url       = {http://arxiv.org/abs/1403.7458},
  timestamp = {Tue, 01 Apr 2014 11:56:46 +0200},
  biburl    = {http://dblp.uni-trier.de/rec/bib/journals/corr/BockCK14},
  bibsource = {dblp computer science bibliography, http://dblp.org}
}